<?xml version="1.0" encoding="UTF-8"?><collection xmlns="http://www.loc.gov/MARC21/slim"><record><leader>00391nam--2200145-i-4500</leader><controlfield tag="001">000016966</controlfield><controlfield tag="002">20161230</controlfield><controlfield tag="005">20170224013727</controlfield><controlfield tag="008">060222s1000------------r-----000-0-eng-d</controlfield><datafield ind1=" " ind2=" " tag="245"><subfield code="a">Dispozitive si circuite electronice. Probleme</subfield></datafield><datafield ind1=" " ind2=" " tag="260"><subfield code="a">Bucuresti</subfield><subfield code="b">Ed.Didact.Si Pedagog</subfield><subfield code="c">1982</subfield></datafield><datafield ind1=" " ind2=" " tag="300"><subfield code="a">398 p</subfield></datafield><datafield ind1=" " ind2=" " tag="700"><subfield code="a">Stefan, Gheorghe</subfield></datafield><datafield ind1=" " ind2=" " tag="852"><subfield code="a">621.37/38(076.1)</subfield></datafield><datafield ind1=" " ind2=" " tag="CAT"><subfield code="a">SYS</subfield><subfield code="c">20170224</subfield><subfield code="h">013727</subfield></datafield></record></collection>